<record><leader>00000cas a2200000 a 4500</leader><controlfield tag="001">38988539</controlfield><controlfield tag="008">980421d19681974nyuwr ne      0    0eng c</controlfield><datafield ind1=" " ind2=" " tag="010"><subfield code="a">sn 98067628 </subfield></datafield><datafield ind1=" " ind2=" " tag="040"><subfield code="a">NYS</subfield><subfield code="b">eng</subfield><subfield code="c">NYS</subfield><subfield code="d">OCLCQ</subfield><subfield code="d">OCLCF</subfield><subfield code="d">OCLCO</subfield></datafield><datafield ind1="1" ind2=" " tag="029"><subfield code="a">AU@</subfield><subfield code="b">000014018241</subfield></datafield><datafield ind1=" " ind2=" " tag="042"><subfield code="a">pcc</subfield></datafield><datafield ind1=" " ind2=" " tag="043"><subfield code="a">n-us-ny</subfield></datafield><datafield ind1="0" ind2=" " tag="130"><subfield code="a">East Rockaway observer (East Rockaway, N.Y.)</subfield></datafield><datafield ind1="1" ind2="0" tag="245"><subfield code="a">East Rockaway observer.</subfield></datafield><datafield ind1=" " ind2=" " tag="260"><subfield code="a">East Rockaway, N.Y. :</subfield><subfield code="b">Charles L. and Jean P. Warner</subfield></datafield><datafield ind1=" " ind2=" " tag="300"><subfield code="a">v.</subfield></datafield><datafield ind1=" " ind2=" " tag="310"><subfield code="a">Weekly</subfield></datafield><datafield ind1="1" ind2=" " tag="362"><subfield code="a">Began in 1968; ceased in 1974.</subfield></datafield><datafield ind1=" " ind2=" " tag="588"><subfield code="a">Description based on: Vol. 3, no. 26 (May 14, 1970).</subfield></datafield><datafield ind1=" " ind2=" " tag="588"><subfield code="a">Latest issue consulted: Vol. 8, no. 31 (June 20, 1974).</subfield></datafield><datafield ind1=" " ind2="0" tag="651"><subfield code="a">East Rockaway (N.Y.)</subfield><subfield code="v">Newspapers.</subfield></datafield><datafield ind1=" " ind2="0" tag="651"><subfield code="a">Nassau County (N.Y.)</subfield><subfield code="v">Newspapers.</subfield></datafield><datafield ind1=" " ind2="7" tag="655"><subfield code="a">Newspapers.</subfield><subfield code="2">fast</subfield><subfield code="0">(OCoLC)fst01423814</subfield></datafield><datafield ind1=" " ind2="7" tag="651"><subfield code="a">New York (State)</subfield><subfield code="z">East Rockaway.</subfield><subfield code="2">fast</subfield><subfield code="0">(OCoLC)fst01203779</subfield></datafield><datafield ind1=" " ind2="7" tag="651"><subfield code="a">New York (State)</subfield><subfield code="z">Nassau County.</subfield><subfield code="2">fast</subfield><subfield code="0">(OCoLC)fst01205518</subfield></datafield><datafield ind1=" " ind2=" " tag="752"><subfield code="a">United States</subfield><subfield code="b">New York</subfield><subfield code="c">Nassau</subfield><subfield code="d">East Rockaway.</subfield></datafield><datafield ind1="0" ind2="0" tag="785"><subfield code="t">East Rockaway Lynbrook observer</subfield><subfield code="x">0746-2093</subfield><subfield code="w">(DLC)sn 83008745</subfield><subfield code="w">(OCoLC)9865055</subfield></datafield></record>